 @Article{AICc,
    title = {{Unifying the derivations of the Akaike and corrected Akaike information criteria}},
    author = {Cavanaugh, J. E.},
    journal = {Statistics $\&$ Probability Letters},
    year = {1997},
    volume = {31},
    pages = {201--208},
    doi = {10.1109/TAC.1974.1100705},
  }

 @Article{Akaike,
    title = {{A new look at the statistical model identification}},
    author = {Akaike, H.},
    journal = {IEEE Transactions on Automatic Control},
    year = {1974},
    volume = {19},
    number = {6},
    pages = {716--723},
    doi = {10.1109/TAC.1974.1100705},
  }


 @Article{Kalman_R,
    title = {{Kalman Filtering in R}},
    author = {Tusell, F.},
    journal = {Journal of Statistical Software},
    year = {2011},
    volume = {39},
    number = {2},
    doi = {10.18637/jss.v039.i02},
  }

@BOOK{Pena2002,
  AUTHOR =       {Pe\~na, D.},
  TITLE =        {{An\'alisis de datos multivariantes}},
  PUBLISHER =    {{McGraw-Hill}},
  YEAR =         {2002},
}

@BOOK{Christian,
  AUTHOR =       {Keliber, Christian. and Zeileis, Achim.},
  TITLE =        {{Applied Econometrics with R}},
  PUBLISHER =    {Springer},
  YEAR =         {2008},
}

 @Article{BMS,
    title = {Bayesian Model Averaging Employing Fixed and Flexible Priors: The {BMS} Package for {R}},
    author = {Stefan Zeugner and Martin Feldkircher},
    journal = {Journal of Statistical Software},
    year = {2015},
    volume = {68},
    number = {4},
    pages = {1--37},
    doi = {10.18637/jss.v068.i04},
  }
  
@article{hoeting1999,
author = "Hoeting, Jennifer A. and Madigan, David and Raftery, Adrian E. and Volinsky, Chris T.",
doi = "10.1214/ss/1009212519",
fjournal = "Statistical Science",
journal = "Statist. Sci.",
month = "11",
number = "4",
pages = "382--417",
publisher = "The Institute of Mathematical Statistics",
title = "Bayesian model averaging: a tutorial (with comments by M. Clyde,
 David Draper and E. I. George, and a rejoinder by the authors",
url = "http://dx.doi.org/10.1214/ss/1009212519",
volume = "14",
year = "1999"
}


@ARTICLE{survi,
  AUTHOR =       {Crowley, J. and Hu, M.},
  TITLE =        {Covariance analysis of heart transplant survival data},
  JOURNAL =      {Journal of the American Statistical Association},
  YEAR =         {1977},
  volume =       {72},
  pages =        {27 - 36}
}

@ARTICLE{Student,
  AUTHOR =       {Student},
  TITLE =        {The Probable Error of a Mean},
  JOURNAL =      {Biometrika},
  YEAR =         {1908},
  volume =       {6},
  number = {1},
  pages =        {1 - 25}
}

@BOOK{Efronims,
  AUTHOR =       {Efron, B.},
  TITLE =        {{Large-Scale Inference. Empirical Bayes Methods for Estimation, Testing, and Prediction}},
  PUBLISHER =    {Cambridge University Press},
  YEAR =         {2010},
}

@BOOK{Draper,
  AUTHOR =       {Draper, Norman. R. and Smith, Harry.},
  TITLE =        {{Applied Regression Analysis}},
  PUBLISHER =    {Wiley },
  Edition = {3},
  YEAR =         {1998},
}

 @Article{MCMCpack,
    title = {{MCMCpack}: Markov Chain Monte Carlo in {R}},
    author = {Andrew D. Martin and Kevin M. Quinn and Jong Hee Park},
    journal = {Journal of Statistical Software},
    year = {2011},
    volume = {42},
    number = {9},
    pages = {22},
    url = {http://www.jstatsoft.org/v42/i09/},
}

@Manual{survival,
    title = {survival: Survival analysis, including penalised likelihood.},
    author = {Therneau, T. and Lumley, T.},
    year = {2011},
    note = {R package version 2.36-5}
  }

@Manual{VGAM,
    title = {VGAM: Vector Generalized Linear and Additive Models.},
    author = {Thomas W. Yee},
    year = {2012},
    note = {R package version 0.9-0.},
   address =      {URL http://CRAN.R-project.org/package=VGAM},
  }


@Manual{Rsoft,
    title = {R: A Language and Environment for Statistical Computing},
    author = {{R Development Core Team}},
    organization = {R Foundation for Statistical Computing},
    address = {Vienna, Austria},
    year = {2011},
    note = {{ISBN} 3-900051-07-0},
  }

@Manual{pscl,
    title = {pscl: Classes and Methods for R Developed in the Political Science Computational Laboratory},
    author = {Jackman, S.},
    organization = {Department of Political Science},
    address = {Stanford University, Stanford},
    year = {2011},
  }

@misc{wikiHit,
   author = {Wikipedia},
   title = {Hit --- {W}ikipedia{,} The Free Encyclopedia},
   year = {2011}
 }

@misc{wikiBat,
   author = {Wikipedia},
   title = {{Porcentaje de bateo. Wikipedia}},
   year = {2011}
}

@ARTICLE{Efron75,
  AUTHOR =       {Efron, B. and Morris, C.},
  TITLE =        {Data Analysis Using Stein's Estimator and Its Generalizations},
  JOURNAL =      {Journal of the American Statistical Association},
  YEAR =         {1975},
  volume =       {70},
  pages =        {311 - 319},
}

@ARTICLE{Roberts101,
  AUTHOR =       {Roberts, G. O. and Gelman, A. and Gilks, W. R.},
  TITLE =        {Weak convergence and optimal scaling of random walk Metropolis algorithms},
  JOURNAL =      {Annals of Applied Probability},
  YEAR =         {1997},
  volume =       {7},
  pages =        {110 - 120},
}

@ARTICLE{Metropol,
  AUTHOR =       {Metropolis, N. and Rosenbluth, A. W. and Rosenbluth, M. N. and Teller, A. H. and Teller, E.},
  TITLE =        {Equations of State Calculations by Fast Computing Machines},
  JOURNAL =      {Journal of Chemical Physics},
  YEAR =         {1953},
  volume =       {21},
  pages =        {1087 - 1092},
}

@ARTICLE{Hastings,
  AUTHOR =       {Hastings, W. K.},
  TITLE =        {Monte Carlo Sampling Methods Using Markov Chains and Their Applications},
  JOURNAL =      {Biometrika},
  YEAR =         {1970},
  volume =       {57},
  pages =        {97 - 109},
}

@ARTICLE{Cepe1,
  AUTHOR =       {Cepeda, E. and Gamerman, D.},
  TITLE =        {Bayesian Modeling of Variance Heterogeneity in Normal Regression Models},
  JOURNAL =      {Brazilian Journal of Probability and Statistics},
  YEAR =         {2001},
  volume =       {14},
  pages =        {207 - 221},
}

@ARTICLE{Gamer1,
  AUTHOR =       {Gamerman, D.},
  TITLE =        {Sampling from the Posterior Distributions in Generalized Linear Mixed Models},
  JOURNAL =      {Statistics and Computing},
  YEAR =         {1997},
  volume =       {7},
  pages =        {57 - 68},
}

@ARTICLE{Aitkin87,
  AUTHOR =       {Aitkin, M.},
  TITLE =        {Modelling Variance Heterogeneity in Normal Regression using Glim},
  JOURNAL =      {Applied Statistics},
  YEAR =         {1997},
  volume =       {36},
  pages =        {332 - 339},
}

@ARTICLE{Geman,
  AUTHOR =       {Geman, S. and Geman, D.},
  TITLE =        {Stochastic Relaxation, Gibbs Distributions, and the Bayesian Restoration of Images},
  JOURNAL =      {IEEE Transactions on Pattern Analysis and Machine Intelligence},
  YEAR =         {1984},
  volume =       {6},
  pages =        {721 - 741},
}

@ARTICLE{CepeCOV,
  AUTHOR =       {Cepeda, E. and Nu?ez, V. A.},
  TITLE =        {Bayesian Modeling of the Mean and Covarince Matrix in Normal Nonlinear Models},
  JOURNAL =      {Journal of Statistical Computation and Simulation},
  YEAR =         {2009},
  volume =       {79},
  pages =        {837 - 853},
}

@BOOK{Zimer,
  AUTHOR =       {Zimmerman, D. L. and Nu?ez, V. A.},
  TITLE =        {Antedependence Models For Longitudinal Data},
  PUBLISHER =      {CRC Press},
  YEAR =         {2009},
}

@Manual{R,
    title = {R: A Language and Environment for Statistical Computing},
    author = {{R Development Core Team}},
    organization = {R Foundation for Statistical Computing},
    address = {Vienna, Austria},
    year = {2009},
    note = {{ISBN} 3-900051-07-0},
  }

@ARTICLE{Ghosh2,
  AUTHOR =       {Ghosh, M. and Natarajan, K. and Stroud, T. W. F. and Carlin, B. P.},
  TITLE =        {Generalized Linear Models for Small Area Estimation},
  JOURNAL =      {Journal of American Statististical Association},
  YEAR =         {1998},
  volume =       {93},
  pages =        {273 - 282},
}

@BOOK{Bickel,
  AUTHOR =       {Bickel, P. J. and Doksum, K. A.},
  TITLE =        {Mathemtical Statistics},
  PUBLISHER =    {Holden-Day},
  YEAR =         {1977},
}

@BOOK{Skin2,
  AUTHOR =       {Chambers, R. L. and Skinner, C. J.},
  TITLE =        {Analysis of Survey Data },
  PUBLISHER =    {Wiley},
  YEAR =         {2003},
}

@BOOK{Skin,
  AUTHOR =       {Skinner, C. J. and Holt, D. and Smith, T. M. F.},
  TITLE =        {Analysis of Complex Surveys },
  PUBLISHER =    {Wiley},
  YEAR =         {1989},
}

@INPROCEEDINGS{Gonzalez,
  AUTHOR =       {Gonz?lez, M. E.},
  TITLE =        {Use and Evaluation of Synthetic Estimators},
  BOOKTITLE =    {Proceedings of the Social Statistics Section},
  YEAR =         {1973},
  pages =        {33 - 36},
  organization = {American Statistical Association},
}

@BOOK{Royal,
  AUTHOR =       {Valliant, R. and Dorfman, A. H. and Royall, R. M.},
  TITLE =        {Finite Population Sampling and Inference: A Prediction Approach},
  PUBLISHER =    {Wiley},
  YEAR =         {2001},
}

@BOOK{Cochran,
  AUTHOR =       {Cochran, W. G.},
  TITLE =        {Sampling Techniques},
  PUBLISHER =    {Wiley},
  YEAR =         {1976},
}

@BOOK{Muk,
  AUTHOR =       {Mukhopadhyay, P.},
  TITLE =        {Small Area Estimation in Survey Sampling},
  PUBLISHER =    {Narosa Publishing House},
  YEAR =         {1998},
}

@ARTICLE{Pfeff,
  AUTHOR =       {Pfefferman, D.},
  TITLE =        {Small Area Estimation: New Developments and Directions},
  JOURNAL =      {International Statistic Review},
  YEAR =         {2002},
  volume =       {70},
  pages =        {125 - 143},
}

@INBOOK{Rao3,
  AUTHOR =       {Rao, J. N. K.},
  editor =       {Ahmed, S. E. and Reid, N.},
  TITLE =        {Empirical Bayes and Likelihood Inference},
  CHAPTER =      {EB and EBLUP in Small Area Estimation},
  pages =        {33 - 43},
  PUBLISHER =    {Springer},
  YEAR =         {2001},
}

@ARTICLE{Chaud,
  AUTHOR =       {Chaudhuri, A.},
  TITLE =        {Small Domain Statistics: A Review},
  JOURNAL =      {Statistica Neerlandica},
  YEAR =         {1994},
  volume =       {48},
  pages =        {215 - 236},
}

@INPROCEEDINGS{Rao2,
  AUTHOR =       {Rao, J. N. K.},
  TITLE =        {Synthetic Estimators, SPREE and Best Model Based Predictors},
  BOOKTITLE =    {Proceedings of the Conference on Survey Research Methods in Agriculture},
  YEAR =         {1986},
  pages =        {1 - 16},
  organization = {U. S. Department of Agriculture},
}

@ARTICLE{Schwarz,
  AUTHOR =       {Schwarz, G.},
  TITLE =        {Estimating the Dimension of a Model},
  JOURNAL =      {Annals of Statistics},
  YEAR =         {1978},
  volume =       {6},
  pages =        {461 - 464},
}

@ARTICLE{Ghosh,
  AUTHOR =       {Ghosh, M. and Rao, J. N. K.},
  TITLE =        {Small Area Estimation: An Appraisal},
  JOURNAL =      {Statistical Sciences},
  YEAR =         {1994},
  volume =       {9},
  number=        {1},
  pages =        {55-93},
}

@INPROCEEDINGS{Dempster74,
  AUTHOR =       {Dempster, A. P. },
  TITLE =        {The Direct Use of Likelihood for Significance Testing},
  BOOKTITLE =    {Proceedings of Conference on Foundational Questions in Statistical Inference},
  YEAR =         {1974},
  pages =        {335 - 352},
  organization = {Department of Theoretical Statistics: University of Aarhus.},
}

@ARTICLE{Spiegel,
  AUTHOR =       {Spiegelhalter, D. J. and Best, N. G. and Carlin, B. P. and VanderLinde, A.},
  TITLE =        {Bayesian measures of model complexity and fit},
  JOURNAL =      {Journal of the Royal Statistical Society},
  YEAR =         {2002},
  volume =       {B 64},
  pages =        {583 - 639},
}

@ARTICLE{Gilmour,
  AUTHOR =       {Gilmour, A. R. and Anderson, R. D. an Rae, A. L.},
  TITLE =        {The analysis of binomial data by a generalized linear mixed model},
  JOURNAL =      {Biometrika},
  YEAR =         {1985},
  volume =       {72},
  pages =        {593 - 599},
}

@ARTICLE{Zeger,
  AUTHOR =       {Zeger, S. L. and Karim, M. R.},
  TITLE =        {Generalized linear models with random effects. A Gibbs sampling approach},
  JOURNAL =      {Journal of the american Statistical Association},
  YEAR =         {1991},
  volume =       {86},
  pages =        {79 - 86},
}

@ARTICLE{Johnson,
  AUTHOR =       {Johnson, V. E.},
  TITLE =        {On Bayesian Analysis of Multirater Ordinal Data: An Application to Automated Essay Grading},
  JOURNAL =      {Journal of the american Statistical Association},
  YEAR =         {1996},
  volume =       {91},
  pages =        {42 - 51},
}

@ARTICLE{Barry,
  AUTHOR =       {Barry, S. C. and Brooks, S. P. and Catchpole, E. A. and Morgan, B. J. T.},
  TITLE =        {The Analysis of Ring-recovery Data Using Random Effects},
  JOURNAL =      {Biometrics},
  YEAR =         {2003},
  volume =       {59},
  pages =        {54 - 65},
}

@ARTICLE{Clayton,
  AUTHOR =       {Clayton, D. G. and Kaldor, J. M.},
  TITLE =        {Empirical Bayes Estimates of Age-Standardized Relative Risk for Use in Disease Mapping},
  JOURNAL =      {Biometrics},
  YEAR =         {1987},
  volume =       {43},
  pages =        {671 - 682},
}

@ARTICLE{Karim,
  AUTHOR =       {Karim, M. R. and Zeger, S. L.},
  TITLE =        {Generalized Linear Models with Random Effects; Salamander Mating Revisited},
  JOURNAL =      {Biometrics},
  YEAR =         {1992},
  volume =       {48},
  pages =        {631 - 644},
}

@ARTICLE{Fouley,
  AUTHOR =       {Foulley, J. L. and Quaas, R. L.},
  TITLE =        {Heterogeneous Variances in Gaussian Linear Mixed Models},
  JOURNAL =      {Genetics Selection Evolution},
  YEAR =         {1995},
  volume =       {27},
  pages =        {211 - 228},
}

@ARTICLE{Novick73,
  AUTHOR =       {Novick, M. R. and Lewis, C. and Jackson, P. H.},
  TITLE =        {The Estimation of Proportions in m Groups},
  JOURNAL =      {Psychometrika},
  YEAR =         {1973},
  volume =       {38},
  pages =        {19 -46},
}

@BOOK{Bock89,
  AUTHOR =       {Bock, R. D.},
  TITLE =        {Multilevel Analysisi of Educational Data},
  PUBLISHER =    {academic Press},
  YEAR =         {1989},
}

@ARTICLE{Robin91,
  AUTHOR =       {Robinson, G. K.},
  TITLE =        {That BLUP is a Good Thing: The Estimation of Randon Effects},
  JOURNAL =      {Statistical Science},
  YEAR =         {1991},
  volume =       {6},
  pages =        {15 - 51},
}

@ARTICLE{Hender50,
  AUTHOR =       {Henderson, C. R.},
  TITLE =        {Estimation of Genetic Parameters},
  JOURNAL =      {Annals of Mathematical Statistics},
  YEAR =         {1950},
  volume =       {21},
  pages =        {309 - 310},
}

@ARTICLE{Hender59,
  AUTHOR =       {Henderson, C. R. and Kempthorne, O. and Searle, S. R. and VonKrosigk, C. M.},
  TITLE =        {The Estimation of Enviromental and Genetic Trends from Records subject to Culling},
  JOURNAL =      {Biometrics},
  YEAR =         {1959},
  volume =       {15},
  pages =        {192 - 218},
}

@BOOK{Verbeke,
  AUTHOR =       {Verbeke, G. and Molenberghs, G.},
  TITLE =        {Linear Models for Longitudinal Data},
  PUBLISHER =    {Springer-Verlag},
  YEAR =         {2000},
}

@BOOK{Giltinan,
  AUTHOR =       {Giltinan, D. and Davidian, M.},
  TITLE =        {Nonlinear Models for Repeted Measurement},
  PUBLISHER =    {Chapman and Hall},
  YEAR =         {1995},
}

@BOOK{SAR,
  AUTHOR =       {Sarndal, C. E. and Swenson, B. and Wretman, J.},
  TITLE =        {Model Assisted Survey Sampling},
  PUBLISHER =    {Springer},
  YEAR =         {1992},
}

@BOOK{Rauden,
  AUTHOR =       {Raudenbush, S. W. and Bryk, A. S.},
  TITLE =        {Hierarchical Linear Models},
  PUBLISHER =    {Thousand Oaks},
  YEAR =         {2002},
}

@BOOK{Kreft,
  AUTHOR =       {Kreft, I. and DeLeeuw, J.},
  TITLE =        {Introducing Multilevel Modeling},
  PUBLISHER =    {Sage},
  YEAR =         {1998},
}

@BOOK{Nt,
  AUTHOR =       {Ntzoufras, I.},
  TITLE =        {Bayesian Modeling Using WinBUGS},
  PUBLISHER =    {Wiley},
  YEAR =         {2009},
}

@ARTICLE{Laird,
  AUTHOR =       {Laird, N. M. and Ware, J. H.},
  TITLE =        {Random Effects Models for Longitudinal Data},
  JOURNAL =      {Biometrics},
  YEAR =         {1982},
  volume =       {38},
  pages =        {963 - 974},
}

@PHDTHESIS{Tesismln,
  AUTHOR =       {Halimi, R. E.},
  TITLE =        {Nonlinear Mixed-effects Models and Nonparametric Inference},
  SCHOOL =       {Departament d'Estad?stica, Universitat de Barcelona},
  YEAR =         {2005},
}

@ARTICLE{Cox,
  AUTHOR =       {Cox, D. R. and Reid, N.},
  TITLE =        {Parameter Orthogonality and Approximate Conditional Inference (with discussion)},
  JOURNAL =      {Journal of the Royal Statistical Association},
  YEAR =         {1987},
    volume =       {B. 49},
  pages =        {1 - 39},
}

@ARTICLE{Jorge,
  AUTHOR =       {Jorgersen, B.},
  TITLE =        {Exponential Dispersion Models (with discussion)},
  JOURNAL =      {Journal of the Royal Statistical Association},
  YEAR =         {1987},
    volume =       {B. 49},
  pages =        {150},
}

@BOOK{Bandorf,
  AUTHOR =       {Barndorf-Nielsen, O. E.},
  TITLE =        {Information and Exponential Families in Statistical Theory},
  PUBLISHER =    {Wiley},
  YEAR =         {1978},
}

@BOOK{Nelder,
  AUTHOR =       {MacCullagh, P. and Nelder, J. A.},
  TITLE =        {Generalized Linear Models},
  PUBLISHER =    {Chapman and Hall},
  YEAR =         {1996},
}

@BOOK{Brown,
  AUTHOR =       {Brown, H. and Prescott, R.},
  TITLE =        {Applied Mixed Models in Medicine},
  PUBLISHER =    {Wiley},
  YEAR =         {1999},
}

@BOOK{Demiden,
  AUTHOR =       {Demidenko, E.},
  TITLE =        {Mixed Models: Theory and Application},
  PUBLISHER =    {Wiley},
  YEAR =         {2004},
}

@ARTICLE{Hedek,
  AUTHOR =       {Hedeker, D.},
  TITLE =        {Generalized Linear Mixed Models},
  JOURNAL =      {Encyclopedia of Statistics in Behavioral Science},
  YEAR =         {2005},
}

@ARTICLE{Dalal,
  AUTHOR =       {Gelfand, A. E. and Dalal, S. R.},
  TITLE =        {A Note on Overdispersed Exponential Families},
  JOURNAL =      {Biometrika},
  YEAR =         {1990},
    volume =       {77},
  pages =        {55 - 64},
}


@ARTICLE{Agresti,
  AUTHOR =       {Agresti, A. and Booth, J. G. and Hobart, J. P. and Caffo, B.},
  TITLE =        {Random-Effects Modeling of Categorical Response Data},
  JOURNAL =      {Sociological Methodology},
  YEAR =         {2000},
  volume =       {30},
  pages =        {27 - 80},
}

@BOOK{Diggle,
  AUTHOR =       {Diggle, P. and Heagerty, P. and Liang, K. Y. and Zeger, S.L.},
  TITLE =        {Analysis of Longitudinal Data},
  PUBLISHER =    {Oxford University Press},
  YEAR =         {2002},
}

@BOOK{Fahrmeir,
  AUTHOR =       {Fahrmeir, L. and Tutz, G. T.},
  TITLE =        {Multivariate Statistical Modelling Based on Generalized Linear Models},
  PUBLISHER =    {Springer-Verlag},
  YEAR =         {2001},
}

@BOOK{MCCULLOCH,
  AUTHOR =       {McCulloch, C. E. and Searle, S. R.},
  TITLE =        {Generalized, Linear and Mixed Models},
  PUBLISHER =    {Wiley},
  YEAR =         {2001},
}

@ARTICLE{Wolfinger,
  AUTHOR =       {Wolfinger, R. and Oconnell, M.},
  TITLE =        {Generalized Linear Mixed Models: A Pseudo-Likelihood Approach},
  JOURNAL =      {Journal of Statistical Computation and Simulation},
  YEAR =         {1993},
  volume =       {48},
  pages =        {233 - 243},
}

@ARTICLE{Aitkin85,
  AUTHOR =       {Anderson, D. A. and Aitkin, M.},
  TITLE =        {Variance Component Models with Binary Response: Inteviewer Variability},
  JOURNAL =      {Journal of the Royal Statistical Association},
  YEAR =         {1985},
  volume =       {B. 47},
  pages =        {203 - 210},
}

@ARTICLE{Stirateli,
  AUTHOR =       {Stiratelli, R. and Laird, N. M. and Ware, J. H.},
  TITLE =        {Random Effects Models for Serial Observations with Binary Response},
  JOURNAL =      {Biometrics},
  YEAR =         {1984},
  volume =       {40},
  pages =        {961 - 971},
}

@ARTICLE{CepeGLM,
  AUTHOR =       {Cepeda, E. and Gammerman, D.},
  TITLE =        {Bayesian Methodology for Modeling Parameters in the Two Parameter Exponential Family},
  JOURNAL =      {Estad?stica},
  YEAR =         {2005},
  volume =       {57},
  pages =        {93 - 105},
}

@ARTICLE{CepeNL,
  AUTHOR =       {Cepeda, E. and Achcar, J. A.},
    TITLE =        {Heteroscedastic Nonlinear Regression Models},
  JOURNAL =      {Comunnications in Statistics Simulation and Computation},
  YEAR =         {2010},
  volume =       {39},
  pages =        {405 - 419},
}

@ARTICLE{Dey,
  AUTHOR =       {Dey, D. K. and Gelfand, A. E. and Peng, F.},
    TITLE =      {Overdispersed Generalizaed Linear Models},
  JOURNAL =      {Journal of Statistical Planning and Inference},
  YEAR =         {1997},
  volume =       {64},
  pages =        {93 - 107},
}

@ARTICLE{Wolfanger,
  AUTHOR =       {Wolfinger, R.},
  TITLE =        {Laplaces approximation for non-linear mixed effects models},
  JOURNAL =      {Biometrika},
  YEAR =         {1993},
  volume =       {80},
  pages =        {791 - 795},
}

@ARTICLE{Walker,
  AUTHOR =       {Walker, S.},
  TITLE =        {An EM algorithm for nonlinear random effects Models},
  JOURNAL =      {Biometrics},
  YEAR =         {1996},
  volume =       {52},
  pages =        {934 - 944},
}

@ARTICLE{Sheiner,
  AUTHOR =       {Sheiner, L. B. and Beal, S. L.},
  TITLE =        {Pharmacokinetic Parameter Estimates from Several Least Squares Procedures: Superiority of Extended Least Squares},
  JOURNAL =      {Journal of Pharmacokinetics and Biopharmaceutics},
  YEAR =         {1985},
  volume =       {13},
  pages =        {185 - 201},
}

@INBOOK{Davidian09,
  AUTHOR =       {Davidian, M.},
  editor =       {Fitzmaurice, G. and Davidian, M. and Verbeke, G. and Molenberghs, G.},
  TITLE =        {Longitudinal Data Analysis,},
  CHAPTER =      {Non-linear mixed-effects models},
  pages =        {107 - 141},
  PUBLISHER =    {Chapman and Hall},
  YEAR =         {2009},
}

@ARTICLE{Lindstrom,
  AUTHOR =       {Lindstrom, M. J. and Bates, D. M.},
  TITLE =        {Nonlinear mixed effects models for repeated measures data},
  JOURNAL =      {Biometrics},
  YEAR =         {1990},
  volume =       {46},
  pages =        {673 - 687},
}

@BOOK{Davidian95,
  AUTHOR =       {Davidian, M. and Giltinan, D. M.},
  TITLE =        {Non-linear Models for Repeated Measurement Data},
  PUBLISHER =    {Chapman and hall},
  YEAR =         {1995},
}

@BOOK{Vonesh,
  AUTHOR =       {Vonesh, E. F. and Chinchilli, V. M.},
  TITLE =        {Linear and Nonlinear Models for the Analysis of Repeated Measurements},
  PUBLISHER =    {Marcel Dekker},
  YEAR =         {1997},
}

@BOOK{Vonesh2,
  AUTHOR =       {Vonesh, E. F. and Carter, R. L.},
  TITLE =        {Mixed effects nonlinear regression for unbalanced repeated mesures},
  JOURNAL =      {Biometrics},
  YEAR =         {1992},
  volume =       {48},
  pages =        {1 - 17},
}

@ARTICLE{Pineiro,
  AUTHOR =       {Pinhero, J. C. and Bates, D. M.},
  TITLE =        {Approximations to the log-likelihood function in the nonlinear mixed-effects model},
  JOURNAL =      {Journal of the Computational and Graphical Statistics},
  YEAR =         {1995},
  volume =       {4},
  pages =        {12 - 35},
}

@ARTICLE{Zhiyu,
  AUTHOR =       {Zhiyu, G. and Bickel, P. J. and Rice, J. A.},
  TITLE =        {An Approximate Likelihood Approach to Nonlinear Mixed Effects Models via Spline},
  JOURNAL =      {Computational Statistics and Data Analysis},
  YEAR =         {2004},
  volume =       {46},
  pages =        {747 - 776},
}


@INBOOK{West85,
  AUTHOR =       {West, M.},
  editor =       {Bernardo, J. M.},
  TITLE =        {Bayesian Statistics 2},
  CHAPTER =      {Generalized Linear Models: Outlier Acommodation, Scale Parameters and Prior distributions (with discussion)},
  pages =        {461 - 484},
  PUBLISHER =    {Oxford University Press},
  YEAR =         {1985},
}


@ARTICLE{Leonard,
  AUTHOR =       {Leonard, T.},
  TITLE =        {A Bayesian approach to the linear model with unequal variances},
  JOURNAL =      {Technometrics},
  YEAR =         {1975},
  volume =       {17},
  pages =        {95 - 102},
}

@ARTICLE{Denis,
  AUTHOR =       {Denis, J. B.},
  TITLE =        {Extension du modele additif danalyse de variance par modelisation multiplicative des variances},
  JOURNAL =      {Biometrics},
  YEAR =         {1983},
  volume =       {39},
  pages =        {849 - 856},
}

@ARTICLE{Aitkin,
  AUTHOR =       {Aitkin, M.},
  TITLE =        {Modelling variance heterogeneity in normal regression using GLIM},
  JOURNAL =      {Applied Statistics},
  YEAR =         {1987},
  volume =       {36},
  pages =        {332 - 339},
}

@ARTICLE{Nair,
  AUTHOR =       {Nair, V. N.  and Pregibon, D.},
  TITLE =        {Analysing dispersion effects from replicated factorial experiments},
  JOURNAL =      {Technometrics},
  YEAR =         {1988},
  volume =       {30},
  pages =        {247 - 257},
}

@ARTICLE{Kisil,
  AUTHOR =       {Kizilkaya, K. and Tempelman, R. J.},
  TITLE =        {Bayesian Heteroskedastic Generalized Linear Models for Animal Breeding Applications},
  JOURNAL =      {Statistical Science},
  YEAR =         {2006},
  volume =       {21},
  pages =        {35 - 51},
}

@BOOK{Ruppert,
  AUTHOR =       {Ruppert, D. and Wand, M. P. and Carroll, R. J.},
  TITLE =        {Semiparametric Regression},
  PUBLISHER =    {Cambridge Series in Statistical and Probabilistic Mathematics},
  YEAR =         {2003},
}


@BOOK{Searle2,
  AUTHOR =       {Searle, S.R. and Casella, G. and McCulloch, C. E.},
  TITLE =        {Variance Components},
  PUBLISHER =    {Wiley},
  YEAR =         {1992},
}


@BOOK{Rao,
  AUTHOR =       {Rao, J. N. K.},
  TITLE =        {Small Area Estimation},
  PUBLISHER =    {Wiley},
  YEAR =         {2003},
}

@BOOK{Gold,
  AUTHOR =       {Goldstein, H.},
  TITLE =        {Multilevel Statistical Models},
  PUBLISHER =    {Wiley},
  YEAR =         {1990},
}

@BOOK{Searle,
  AUTHOR =       {Searle, S. R.},
  TITLE =        {Linear Models},
  PUBLISHER =    {Wiley},
  YEAR =         {1971},
}

@ARTICLE{Zhao2006,
  AUTHOR =       {Zhao, Y. and Staudenmayer, J. and Coull, B. A. and Wand, M. P.},
  TITLE =        {General Design Bayesian Generalized Linear Mixed Models},
  JOURNAL =      {Statistical Science},
  YEAR =         {2006},
  volume =       {21},
  pages =        {35 - 51},
}

@PHDTHESIS{CepeT,
  AUTHOR =       {Cepeda, E.},
  TITLE =        {Variability Modeling in Generalized Linear Models},
  SCHOOL =       {Mathematics Institute, Universidade Federal do Rio de Janeiro},
  YEAR =         {2001},
}

@INBOOK{GelShir2010,
  AUTHOR =       {Gelman, A. and Shirley, K},
  TITLE =        {Handbook of Markov Chain Monte Carlo},
  CHAPTER =      {Inference from Simulations and Monitoring Convergence},
  PUBLISHER =    {CRC},
  YEAR =         {2010},
}

@ARTICLE{Roberts202,
  AUTHOR =       {Roberts, G. O. and Rosenthal, J. S.},
  TITLE =        {Optimal Scaling for Various Metropolis-Hastings Algorithms},
  JOURNAL =      {Statistical Science},
  YEAR =         {2001},
  volume =       {16},
  pages =        {351 - 367},
}


@BOOK{Robert,
  AUTHOR =       {Robert, C. P. and Casella, G.},
  TITLE =        {Introducing Monte Carlo Methods with R},
  PUBLISHER =    {Springer},
  YEAR =         {2009},
}

@BOOK{Fara,
  AUTHOR =       {Faraway, J. J.},
  TITLE =        {Extending the Linear Model with R},
  PUBLISHER =    {CRC},
  YEAR =         {2006},
}

@BOOK{Fisher70,
  AUTHOR =       {Fisher, R. A.},
  TITLE =        {Statistical Methods for Research Workers},
  PUBLISHER =    {Macmillan Pub. Co.},
  YEAR =         {1970},
  edition =      {15},
}

@BOOK{Canavos88,
  AUTHOR =       {Canavos, G. C.},
  TITLE =        {Probabilidad y estad?stica aplicaciones y m?todos},
  PUBLISHER =    {McGraw-Hill},
  YEAR =         {1988},
}

@Manual{R08,
    title = {R: A Language and Environment for Statistical Computing},
    author = {{R Development Core Team}},
    organization = {R Foundation for Statistical Computing},
    address = {Vienna, Austria},
    year = {2008},
    note = {{ISBN} 3-900051-07-0},
  }

@BOOK{Gelman95,
  AUTHOR =       {Gelman, A. and Carlin, J. B. and Stern, H. S. and Rubin, D. B.},
  TITLE =        {Bayesian Data Analysis},
  PUBLISHER =    {Chapman and Hall/CRC},
  edition =      {1},
  YEAR =         {1995},
}

@BOOK{Carlin96,
  AUTHOR =       {Carlin, B. P. and Louis, T. A.},
  TITLE =        {Bayes and Empirical Bayes for Data Analysis},
  PUBLISHER =    {Chapman and Hall/CRC},
  edition =      {1},
  YEAR =         {1996},
}


@BOOK{Gamer06,
  AUTHOR =       {Gamerman, D. and Lopes, H. F.},
  TITLE =        {Markov Chain Monte Carlo: Stochastic Simulation for Bayesian Inference},
  PUBLISHER =    {Chapman and Hall/CRC},
  YEAR =         {2006},
}

@ARTICLE{Ferra,
  AUTHOR =       {Ferrari, S. and Cribari-Neto, F.},
  TITLE =        {Beta Regression for Modelling Rates and Proportions},
  JOURNAL =      {Journal of Applied Statistics},
  YEAR =         {2004},
  volume =       {31},
  number =       {7},
  pages =        {799 - 815},
}

@ARTICLE{Pham93,
  AUTHOR =       {Pham-Gia, T. and Turkkan, N.},
  TITLE =        {Bayesian Analysis of the Difference of Two Proportions},
  JOURNAL =      {Communications in Statistics: Theory and Methods},
  YEAR =         {1993},
  volume =       {22},
  number =       {6},
  pages =        {1755-1771},
}

@ARTICLE{Bailey,
  AUTHOR =       {Bailey, W. N. },
  TITLE =        {{On the Reducibility of Appell's Function $F_4$}},
  JOURNAL =      {Quart. J. Math},
  YEAR =         {1934},
  volume =       {5},
  number =       {},
  pages =        {291-292},
}

@ARTICLE{Gelman08,
  AUTHOR =       {Gelman, A.},
  TITLE =        {Objections to Bayesian Statistics},
  JOURNAL =      {Bayesian Analysis},
  YEAR =         {2008},
  volume =       {3},
  number =       {3},
  pages =        {445-450},
}

@BOOK{Jef1961,
  AUTHOR =       {Jeffreys, H.},
  TITLE =        {The Theory of Probability},
  PUBLISHER =    {Oxford},
  YEAR =         {1961},
}

@BOOK{Pope,
  AUTHOR =       {Pope, J. L.},
  TITLE =        {Investigaci?n de mercados. Gu?a maestra para el profesional},
  PUBLISHER =    {Grupo editorial norma},
  YEAR =         {1984},
}

@ARTICLE{Agresti2005,
  AUTHOR =       {Agresti, A. and Min, Y.},
  TITLE =        {Frequentist Performance of Bayesian Confidence Intervals for Comparing Proportions in $2 \times 2$ Contingency Tables},
  JOURNAL =      {Biometrics},
  YEAR =         {2005},
  volume =       {61},
  pages =        {515-523},
}

@BOOK{Albert2007,
  AUTHOR =       {Albert, J.},
  TITLE =        {Bayesian Computation with R},
  PUBLISHER =    {Springer},
  YEAR =         {2007},
}

@ARTICLE{AC,
  AUTHOR =       {Agresti, A. and Coull, B. A.},
  TITLE =        {Approximate is Better than Exact for Interval Estimation of Binomial Proportions},
  JOURNAL =      {The American Statistician},
  YEAR =         {1998},
  volume =       {52},
  number =       {2},
  pages =        {119-126},
}

@ARTICLE{Mag,
  AUTHOR =       {Magidson, J.},
  TITLE =        {Some Common Pitfalls in Causal Analysis of Categorical Data},
  JOURNAL =      {Journal of Marketing Research},
  YEAR =         {1982},
  volume =       {19},
  pages =        {461-471},
}

@Manual{SAS,
    title = {Preliminary Capabilities for Bayesian Analysis in SAS/STAT Software},
    organization = {SAS Publishing},
    address = {Cary, NC, USA},
    year = {2006},
}

@Manual{SPLUS,
    title = {Bayesian Modeling with S-PLUS and the flexBayes Library},
    author = {Jack, A. and Woodard, D. and Hoffman, J. and O'Connell, M.},
    organization = {Insightful Corporation},
    year = {2007},
}

@Manual{BUGS,
    title = {WinBUGS User Manual},
    author = {Spiegelhalter, D. and Thomas, A. and Best, N. and Lunn, D.},
    year = {2004},
}

@ARTICLE{EPI,
  AUTHOR =       {Magidson, J.},
  TITLE =        {EPIDAT 3.0 Programa para an?lisis epidemiol?gico de datos tabulados},
  JOURNAL =      {Revista Espa?ola de Salud P?blica},
  YEAR =         {2004},
  volume =       {78},
  number =       {2},
  pages =        {277-280},
}

@BOOK{Esmit,
  AUTHOR =       {Smith, J.},
  TITLE =        {Analysis of Failure and Survival Data},
  PUBLISHER =    {CRC},
  YEAR =         {2004},
}


@BOOK{BoxTiao,
  AUTHOR =       {Box, G. E. P. and Tiao, G. C.},
  TITLE =        {Bayesian Inference in Statistical Analysis},
  PUBLISHER =    {Wiley},
  edition =      {1},
  YEAR =         {1992},
}

@BOOK{Ibra,
  AUTHOR =       {Ibrahim, J. G. and Chen, M. and Sinha, D.},
  TITLE =        {Bayesian Survival Analysis},
  PUBLISHER =    {Springer},
  YEAR =         {2001},
}

@BOOK{Berger,
  AUTHOR =       {Berger, J. O.},
  TITLE =        {Statistical Decision Theory and Bayesian Analysis},
  PUBLISHER =    {Springer},
  edition =      {2},
  YEAR =         {1985},
}

@BOOK{Zack,
  AUTHOR =       {Zacks, S.},
  TITLE =        {The Theory of Statistical Inference},
  PUBLISHER =    {Wiley},
  YEAR =         {1971},
}

@BOOK{Gelman03,
  AUTHOR =       {Gelman, A. and Carlin, J. B. and Stern, H. S. and Rubin, D. B.},
  TITLE =        {Bayesian Data Analysis},
  PUBLISHER =    {Chapman and Hall/CRC},
  edition =      {2},
  YEAR =         {2003},
}

@BOOK{Carlin09,
  AUTHOR =       {Carlin, B. P. and Louis, T. A.},
  TITLE =        {Bayesian Methods for Data Analysis},
  PUBLISHER =    {CRC},
  edition =      {3},
  YEAR =         {2009},
}


@BOOK{Mood,
  AUTHOR =       {Mood, A. M. and Graybill, F. A. and Boes, D. C.},
  TITLE =        {Introduction to the Theory of Statistics},
  PUBLISHER =    {McGraw - Hill},
  edition =      {3},
  YEAR =         {1974}
}

@BOOK{Apostol,
  AUTHOR =       {Apostol, T. M.},
  TITLE =        {Mathematical Analysis},
  PUBLISHER =    {McGraw - Hill},
  YEAR =         {1957}
}

@BOOK{Migon,
  AUTHOR =       {Migon, H. S. and Gamerman, D.},
  TITLE =        {Statistical Inference: An Integrated Approach},
  PUBLISHER =    {Arnold},
  YEAR =         {1999}
}

@BOOK{Bernardo,
  AUTHOR =       {Bernardo, J. M. and Smith, A. F. M.},
  TITLE =        {Bayesian Theory},
  PUBLISHER =    {Wiley},
  YEAR =         {2000}
}

@BOOK{Casella,
  AUTHOR =       {Robert, C. P. and Casella, G.},
  TITLE =        {Monte Carlo Statistical Methods},
  PUBLISHER =    {Springer},
  YEAR =         {1999}
}

@BOOK{GelmanHill,
  AUTHOR =       {Gelman, A. and Hill, J.},
  TITLE =        {Data Analysis Using Regression and Multilevel/Hierarchical Models},
  PUBLISHER =    {Cambridge University Press},
  YEAR =         {2007}
}

@BOOK{CharSki,
  editor =       {Chambers, R. L. and Skinner, C. J.},
  TITLE =        {Analysis of Survey Data},
  PUBLISHER =    {Wiley},
  YEAR =         {2003},
}

@BOOK{Valliant2000,
  AUTHOR =       {Valliant, R. and Dorfman, A. H. and Royall, R. M.},
  TITLE =        {Finite Population Sampling and Inference},
  PUBLISHER =    {Wiley},
  YEAR =         {2000}
}

@ARTICLE{Sudgen1984,
  AUTHOR =       {Sudgen, R. A. and Smith, T. M. F.},
  TITLE =        {Ignorable and Informative Designs in Survey Sampling Inference.},
  JOURNAL =      {Biometrika},
  YEAR =         {1984},
  volume =       {71},
  pages =        {495-506}
}

@BOOK{Bol,
  editor =       {Bolfarine, H. and Zacks, S.},
  TITLE =        {Prediction Theory for Finite Populations},
  PUBLISHER =    {Springer-Verlag},
  YEAR =         {1991},
}

@UNPUBLISHED{Jordan,
  AUTHOR =       {Jordan, M. I.},
  TITLE =        {The Exponential Family and Generalized Linear Models},
  year =         {2004},
}

@BOOK{Platek,
  AUTHOR =       {Platek, R. and Singh, M. P.},
  TITLE =        {Small Area Statistics: Contributed Papers},
  PUBLISHER =    {Laboratory for Research in Statistics and Probability},
  YEAR =         {1986},
}

@BOOK{Platek2,
  AUTHOR =       {Platek, R. and Rao, J. N. K. and Sarndal, C. E. and Singh, M. P.},
  TITLE =        {Small Area Statistics},
  PUBLISHER =    {Wiley},
  YEAR =         {1987},
}

@ARTICLE{Gibbs2,
  AUTHOR =       {Gelfand, A. E. and Smith, A. F. M.},
  TITLE =        {Sampling-based approaches to calculating marginal densities},
  JOURNAL =      {Journal of the American Statistical Society},
  YEAR =         {1990},
  volume =       {85},
  pages =        {398 - 409},
}

@ARTICLE{Harvey76,
  AUTHOR =       {Harvey, A.},
  TITLE =        {Estimating Regression Models with Multiplicative Heteroscedasticity},
  JOURNAL =      {Econometrica},
  YEAR =         {1976},
  volume =       {44},
  pages =        {461 - 465},
}


@BOOK{Zhang,
  AUTHOR =       {Zhang, H. and Guti\'errez, H. A.},
  TITLE =        {Teor\'ia estad\'istica. Aplicaci\'on y m\'etodos.},
  PUBLISHER =    {Universidad Santo Tom\'as},
  YEAR =         {2010},
}



@BOOK{Harvey1989,
  AUTHOR =       {Harvey, A. C.},
  TITLE =        {Forecasting, structural time series models and the Kalman filter},
  PUBLISHER =    {Cambridge University Press},
  YEAR =         {1989},
}
